
@inproceedings{wang2015assumptions,
  title={Assumptions of decision-making models in {AGI}},
  author={Wang, Pei and Hammer, Patrick},
  booktitle={International Conference on Artificial General Intelligence},
  pages={197--207},
  year={2015},
  organization={Springer}
}

@article{wirth2017survey,
  title={A survey of preference-based reinforcement learning methods},
  author={Wirth, Christian and Akrour, Riad and Neumann,
  Gerhard and F{\"u}rnkranz, Johannes},
  journal={The Journal of Machine Learning Research},
  volume={18},
  number={1},
  pages={4945--4990},
  year={2017},
  publisher={JMLR. org}
}

@article{zhao2009reinforcement,
  title={Reinforcement learning design for cancer clinical trials},
  author={Zhao, Yufan and Kosorok, Michael R and Zeng, Donglin},
  journal={Statistics in medicine},
  volume={28},
  number={26},
  pages={3294--3315},
  year={2009},
}

@article{alexander2020archimedean,
  title={The {A}rchimedean trap: Why traditional reinforcement
  learning will probably not yield {AGI}},
  author={Alexander, Samuel Allen},
  journal={arXiv preprint arXiv:2002.10221},
  year={2020}
}

@inproceedings{hibbard,
  title={Measuring agent intelligence via hierarchies of environments},
  author={Hibbard, Bill},
  booktitle={ICAGI},
  pages={303--308},
  year={2011}
}

@inproceedings{hibbard2008adversarial,
  title={Adversarial sequence prediction},
  author={Hibbard, Bill},
  booktitle={ICAGI},
  pages={399--403},
  year={2008},
}

@incollection{shapiro,
  title={Epistemic and intuitionistic arithmetic},
  author={Shapiro, Stewart},
  booktitle={Studies in Logic and the Foundations of Mathematics},
  volume={113},
  pages={11--46},
  year={1985},
  publisher={Elsevier}
}

@article{carlson,
  title={Knowledge, machines, and the consistency of {Reinhardt's} strong mechanistic thesis},
  author={Carlson, Timothy J},
  journal={Annals of Pure and Applied Logic},
  volume={105},
  number={1-3},
  pages={51--82},
  year={2000},
  publisher={Elsevier}
}